<?xml version="1.0" encoding="UTF-8"?><record xmlns="http://www.loc.gov/MARC21/slim" xmlns:cinclude="http://apache.org/cocoon/include/1.0" xmlns:zs="http://www.loc.gov/zing/srw/">
  <leader>00623cz  a2200145n  4500</leader>
  <controlfield tag="001">n  82215586 </controlfield>
  <controlfield tag="003">DLC</controlfield>
  <controlfield tag="005">19930402091449.9</controlfield>
  <controlfield tag="008">830425n| acannaab|          |a aaa |||  </controlfield>
  <datafield tag="010" ind1=" " ind2=" ">
    <subfield code="a">n  82215586 </subfield>
  </datafield>
  <datafield tag="040" ind1=" " ind2=" ">
    <subfield code="a">DLC</subfield>
    <subfield code="c">DLC</subfield>
    <subfield code="d">DLC</subfield>
  </datafield>
  <datafield tag="100" ind1="1" ind2="0">
    <subfield code="a">Ratkowsky, David A.,</subfield>
    <subfield code="d">1935-</subfield>
  </datafield>
  <datafield tag="400" ind1="1" ind2="0">
    <subfield code="a">Ratkowsky, D. A.</subfield>
    <subfield code="q">(David A.),</subfield>
    <subfield code="d">1935-</subfield>
  </datafield>
  <datafield tag="670" ind1=" " ind2=" ">
    <subfield code="a">His Nonlinear regression modeling, 1983, c1981:</subfield>
    <subfield code="b">CIP t.p. (David A. Ratkowsky; CSIRO Div. of Mathematics &amp; Statistics, Tasmanian Regional Laboratory, Hobart, Tasmania) data sheet (b. 4/26/35)</subfield>
  </datafield>
  <datafield tag="670" ind1=" " ind2=" ">
    <subfield code="a">Predictive microbiology, c1993:</subfield>
    <subfield code="b">CIP t.p. (D.A. Ratkowsky) data sheet (David Allen Ratkowsky)</subfield>
  </datafield>
</record>